<collection xmlns="http://www.loc.gov/MARC21/slim">
<record>
  <leader>01352nam0a2200301 i 450 </leader>
  <controlfield tag="001">IT\ICCU\CNCE\005285</controlfield>
  <controlfield tag="005">20040826000000.0</controlfield>
  <datafield tag="012" ind1=" " ind2=" ">
    <subfield code="a">r.uu o.e* n-ui nsra (C) 1515 (Q)</subfield>
    <subfield code="2">fei</subfield>
  </datafield>
  <datafield tag="100" ind1=" " ind2=" ">
    <subfield code="a">19970101f1515        0itac0103    ba</subfield>
  </datafield>
  <datafield tag="101" ind1=" " ind2=" ">
    <subfield code="a">LAT</subfield>
  </datafield>
  <datafield tag="102" ind1=" " ind2=" ">
    <subfield code="a">IT</subfield>
  </datafield>
  <datafield tag="200" ind1="1" ind2=" ">
    <subfield code="a">De calendario et de Paschate non mutando ad nuper impressas propositiones breuis &amp; compendiosa responsio</subfield>
  </datafield>
  <datafield tag="210" ind1=" " ind2=" ">
    <subfield code="d">\1515!</subfield>
  </datafield>
  <datafield tag="215" ind1=" " ind2=" ">
    <subfield code="a">\6! c.</subfield>
    <subfield code="d">4ʻ</subfield>
  </datafield>
  <datafield tag="300" ind1=" " ind2=" ">
    <subfield code="a">Stampato a Roma da Etienne Guillery. Cfr.: F. Barberi, Tipografi Romani del Cinquecento, p. 52</subfield>
  </datafield>
  <datafield tag="620" ind1=" " ind2=" ">
    <subfield code="a">IT</subfield>
    <subfield code="d">Roma</subfield>
  </datafield>
  <datafield tag="700" ind1=" " ind2="1">
    <subfield code="a">Benet,</subfield>
    <subfield code="b">Cipriano</subfield>
    <subfield code="3">IT\ICCU\CNCA\001602</subfield>
  </datafield>
  <datafield tag="712" ind1="0" ind2="0">
    <subfield code="a">Guillery, Etienne</subfield>
    <subfield code="3">IT\ICCU\CNCT\000106</subfield>
    <subfield code="4">650</subfield>
  </datafield>
  <datafield tag="790" ind1=" " ind2="1">
    <subfield code="a">Beneti,</subfield>
    <subfield code="b">Cyprianus</subfield>
    <subfield code="3">IT\ICCU\CNCA\026834</subfield>
    <subfield code="z">Benet, Cipriano</subfield>
  </datafield>
  <datafield tag="790" ind1=" " ind2="1">
    <subfield code="a">Benetus,</subfield>
    <subfield code="b">Cyprianus</subfield>
    <subfield code="3">IT\ICCU\CNCA\026835</subfield>
    <subfield code="z">Benet, Cipriano</subfield>
  </datafield>
  <datafield tag="790" ind1=" " ind2="1">
    <subfield code="a">Beneto,</subfield>
    <subfield code="b">Cypriano</subfield>
    <subfield code="3">IT\ICCU\CNCA\026836</subfield>
    <subfield code="z">Benet, Cipriano</subfield>
  </datafield>
  <datafield tag="791" ind1="0" ind2="0">
    <subfield code="a">Guilliretus, Stephanus</subfield>
    <subfield code="3">IT\ICCU\CNCT\003508</subfield>
    <subfield code="z">Guillery, Etienne</subfield>
  </datafield>
  <datafield tag="791" ind1="0" ind2="0">
    <subfield code="a">Guilleretus, Stephanus</subfield>
    <subfield code="3">IT\ICCU\CNCT\005093</subfield>
    <subfield code="z">Guillery, Etienne</subfield>
  </datafield>
  <datafield tag="791" ind1="0" ind2="0">
    <subfield code="a">Guilleri, Stephanus</subfield>
    <subfield code="3">IT\ICCU\CNCT\005094</subfield>
    <subfield code="z">Guillery, Etienne</subfield>
  </datafield>
  <datafield tag="801" ind1=" " ind2="3">
    <subfield code="a">IT</subfield>
    <subfield code="b">ICCU</subfield>
    <subfield code="c">20201113</subfield>
  </datafield>
  <datafield tag="899" ind1=" " ind2=" ">
    <subfield code="a">Biblioteca Apostolica Vaticana. Citt ̉del Vaticano</subfield>
    <subfield code="1">EX0001</subfield>
    <subfield code="2">ZCV 01</subfield>
  </datafield>
  <datafield tag="899" ind1=" " ind2=" ">
    <subfield code="a">Biblioteca comunale Augusta. Perugia</subfield>
    <subfield code="1">PG0109</subfield>
    <subfield code="2">UM1 01</subfield>
  </datafield>
  <datafield tag="899" ind1=" " ind2=" ">
    <subfield code="a">Biblioteca Angelica. Roma</subfield>
    <subfield code="1">RM0290</subfield>
    <subfield code="2">RML 06</subfield>
  </datafield>
</record>
</collection>
